<?xml version="1.0" encoding="UTF-8"?><record xmlns="http://www.loc.gov/MARC21/slim" xmlns:cinclude="http://apache.org/cocoon/include/1.0" xmlns:zs="http://www.loc.gov/zing/srw/">
  <leader>00404nz  a2200121n  4500</leader>
  <controlfield tag="001">n  98910820 </controlfield>
  <controlfield tag="003">DLC</controlfield>
  <controlfield tag="005">19981209053717.4</controlfield>
  <controlfield tag="008">980831n| acannaab|          |n ana      </controlfield>
  <datafield tag="010" ind1=" " ind2=" ">
    <subfield code="a">n  98910820 </subfield>
  </datafield>
  <datafield tag="040" ind1=" " ind2=" ">
    <subfield code="a">DLC</subfield>
    <subfield code="c">DLC</subfield>
  </datafield>
  <datafield tag="110" ind1="1" ind2="0">
    <subfield code="a">Rio de Janeiro (Brazil).</subfield>
    <subfield code="b">Secretaria Especial do Trabalho</subfield>
  </datafield>
  <datafield tag="670" ind1=" " ind2=" ">
    <subfield code="a">O mercado de trabalho do Rio de Janeiro, 1997 or 1998:</subfield>
    <subfield code="b">t.p. (Rio Prefeitura, Secretaria Especial do Trabalho)</subfield>
  </datafield>
</record>